%%%%%%%%%%     Project bibliography   %%%%%%%%%%

@BOOK{Halmos,
    author     = {Paul~R.~Halmos},
    title      = {Naive Set Theory},
    publisher  = {Van~Nostrand~Reinhold~Company},
    year       = {1960}
}
